% This file was created with JabRef 2.6.
% Encoding: MS932

@ARTICLE{baumer2013,
  author = {Baumer, R. E. and Demkowcicz, M. J.},
  title = {Glass transition by gelation in a phase separating binary alloy},
  journal = {Phys. Rev. Lett.},
  year = {2013},
  volume = {110},
  pages = {145502},
  owner = {paddyroyall},
  timestamp = {2013.11.23}
}

@ARTICLE{bosma2002,
  author = {Bosma, G. and Pathmamanoharan, C. and de Hoog, E. H. A. and Kegel,
	W. K. and van Blaaderen, A. and Lekkerkerker, H. N. W.},
  title = {Preparation of monodisperse, fluorescent PMMA-latex colloids by dispersion
	polymerization},
  journal = {J. Coll. Interf. Sci.},
  year = {2002},
  volume = {245},
  pages = {292--300},
  number = {2},
  month = jan,
  abstract = {We report a single step procedure to prepare monodisperse colloidal
	poly(methyl)methacrylate (PMMA) particles where fluorescent dyes
	are incorporated into the polymer network. The particles are sterically
	stabilized against flocculation by poly(12-hydroxystearic acid).
	The fluorescent dyes are RITC (rhodamine isothiocyanate)-aminostyrene
	(RAS) and 4-methylaminoethylmethacrylate-7-nitrobenzo-2-oxa-1,3-diazol
	(NBD-MAEM), which are prepared from (commercially available) RITC
	and 4-chloro-7-nitrobenzo-2-oxa-1,3-diazol (NBD-Cl), respectively,
	as starting materials. The particles can be grown larger with nonfluorescent
	PMMA. Examples of the usefulness of these model particles in colloid
	science are given. (C) 2002 Elsevier Science.},
  citedreferences = {ANTL L, 1986, COLLOID SURFACE, V17, P67 ; BARRET KEJ, 1975, DISPERSION
	POLYM ORG ; BOHREN GF, 1989, ABSORPTION SCATTERIN ; BOSMA G, UNPUB
	; DHONT JKG, 1996, STUDIES INTERFACE SC ; IMHOF A, 1994, J CHEM PHYS,
	V100, P2170 ; KEGEL WK, 2000, SCIENCE, V287, P290 ; KERKER M, 1969,
	SCATTERING LIGHT OTH ; KIATKAMJORNWONG S, 1999, COLLOID SURFACE A,
	V153, P229 ; KUMACHEVA E, 1999, ADV MATER, V11, P231 ; LARSEN AE,
	1997, NATURE, V385, P230 ; OCALLAGHAN KJ, 1995, J APPL POLYM SCI,
	V58, P2047 ; PATHMAMANOHARAN C, 1989, COLLOID POLYM SCI, V267, P448
	; PUSEY PN, 1986, NATURE, V320, P340 ; PUSEY PN, 1993, PHYSICA A,
	V201, P322 ; RUSSEL WB, 1989, COLLOIDAL DISPERSION ; SOSNOWSKI S,
	1994, J POLYM SCI A, V32, P1947 ; VANBLAADEREN A, 1995, SCIENCE,
	V270, P1177 ; VANMEGEN W, 1993, NATURE, V362, P616 ; VERHAEGH NAM,
	1994, LANGMUIR, V10, P1427 ; WEEKS ER, 2000, SCIENCE, V287, P672
	; WILLIAMSON B, 1987, J COLLOID INTERF SCI, V119, P559 ; YAN C, 1999,
	J POLYM SCI POL CHEM, V37, P2649},
  keywords = {SILICA SPHERES; PARTICLES; MEDIA; COPOLYMERIZATION; METHACRYLATE);
	SUSPENSIONS; MECHANISM; LATTICES},
  owner = {royall},
  timestamp = {2009.01.08}
}

@ARTICLE{cao2012hydrodynamic,
  author = {Cao, X. J. and Cummins, H. Z. and Morris, J. F.},
  title = {Hydrodynamic and interparticle potential effects on aggregation of
	colloidal particles},
  journal = {J. Colloid\&Interface Sci.},
  year = {2012},
  volume = {368},
  pages = {86--96},
  number = {1},
  owner = {Hajime},
  publisher = {Elsevier},
  timestamp = {2015.05.15}
}

@ARTICLE{cardinaux2007,
  author = {Cardinaux, F. and Gibaud, T. and Stradner, A and Schurtenberger,
	P.},
  title = {Interplay between Spinodal Decomposition and Glass Formation in Proteins
	Exhibiting Short-Range Attractions},
  journal = {Phys. Rev. Lett.},
  year = {2007},
  volume = {99},
  pages = {118301},
  owner = {paddyroyall},
  timestamp = {2011.08.04}
}

@ARTICLE{cates2004,
  author = {Cates, M. E. and Fuchs, M. and Kroy, K. and Poon, W. C. K. and Puertas,
	A. M.},
  title = {Theory and simulation of gelation, arrest and yielding in attracting
	colloids},
  journal = {J. Phys.: Condens. Matter},
  year = {2004},
  volume = {16},
  pages = {S4861},
  owner = {Hajime},
  publisher = {IOP Publishing},
  timestamp = {2012.03.07}
}

@BOOK{family2012kinetics,
  title = {Kinetics of aggregation and gelation},
  publisher = {Elsevier},
  year = {2012},
  author = {Family, Fereydoon and Landau, David P.}
}

@ARTICLE{foffi2005jcp,
  author = {Foffi, G. and De Michele, C. and Sciortino, F. and Tartaglia, P.},
  title = {Arrested phase separation in a short-ranged attractive colloidal
	system: A numerical study},
  journal = {J. Chem. Phys},
  year = {2005},
  volume = {122},
  pages = {224903},
  owner = {paddyroyall},
  timestamp = {2011.08.04}
}

@ARTICLE{foffi2002,
  author = {Foffi, G. and McCullagh, G. D. and Lawlor, A. and Zaccarelli, E.
	and and Dawson, K. A. and Sciortino , F.and Tartaglia, P. and Pini,
	D. and Stell, G.},
  title = {Phase equilibria and glass transition in colloidal systems with short-ranged
	attractive interactions: Application to protein crystallization},
  journal = {Phys, Rev. E},
  year = {2002},
  volume = {65},
  pages = {031407},
  owner = {paddyroyall},
  timestamp = {2012.01.09}
}

@ARTICLE{fortini2008crystallization,
  author = {Fortini, Andrea and Sanz, Eduardo and Dijkstra, Marjolein},
  title = {Crystallization and gelation in colloidal systems with short-ranged
	attractive interactions},
  journal = {Physical Review E},
  year = {2008},
  volume = {78},
  pages = {041402},
  number = {4},
  publisher = {APS}
}

@ARTICLE{furukawa2010key,
  author = {Furukawa, Akira and Tanaka, Hajime},
  title = {Key role of hydrodynamic interactions in colloidal gelation},
  journal = {Physical review letters},
  year = {2010},
  volume = {104},
  pages = {245702},
  number = {24},
  publisher = {APS}
}

@ARTICLE{lu2008gelation,
  author = {Lu, Peter J and Zaccarelli, Emanuela and Ciulla, Fabio and Schofield,
	Andrew B and Sciortino, Francesco and Weitz, David A},
  title = {Gelation of particles with short-range attraction},
  journal = {Nature},
  year = {2008},
  volume = {453},
  pages = {499--503},
  number = {7194},
  publisher = {Nature Publishing Group}
}

@ARTICLE{miller2003,
  author = {Miller, M. A. and Frenkel, D.},
  title = {Competition of Percolation and Phase Separation in a Fluid of Adhesive
	Hard Spheres},
  journal = {Phys. Rev. Lett.},
  year = {2003},
  volume = {90},
  pages = {135702},
  owner = {royall},
  timestamp = {2008.12.16}
}

@ARTICLE{poon2002,
  author = {Poon, W. C. K.},
  title = {The physics of a model colloid-polymer mixture},
  journal = {J. Phys: Condens. Matter},
  year = {2002},
  volume = {14},
  pages = {R859--R880},
  number = {33},
  month = aug,
  abstract = {The addition of non-adsorbing polymer to a colloidal suspension induces
	an interparticle 'depletion' attraction whose range and depth can
	be 'tuned' independently by altering the polymer's molecular weight
	and concentration respectively. Over the past decade, one particularly
	simple experimental realization of such a mixture has been studied
	in considerable detail: nearly-hard-sphere particles of poly(methyl
	methacrylate) and random-coil polystyrene dispersed in simple hydrocarbon
	solvents (mainly cis-decalin). The simplicity of the system has enabled
	rather detailed comparison of experimental findings with theory and
	simulation. Here I review the current understanding of the equilibrium
	phase behaviour, structure, phase transition kinetics, and metastability
	of this Model colloid-polymer mixture. These findings form a useful
	reference point for understanding more complex mixtures. Moreover,
	in some cases, insights gained from studying this model system have
	relevance beyond soft-condensed-matter physics, e.g. in understanding
	the liquid state, in controlling protein crystallization, and in
	elucidating the nature of glasses.},
  citedreferences = {AARTS DGA, 2002, J PHYS CONDENS MATTE, V14 ; ANDERSON VJ, 2001, PHYS
	REV E, V65 ; ANTL L, 1986, COLLOID SURFACE, V17, P67 ; ASAKURA S,
	1954, J CHEM PHYS, V22, P1255 ; AUER S, 2001, NATURE, V409, P1020
	; AUER S, 2002, J PHYS CONDENS MATTE, V14 ; BARTLETT P, 1990, J CHEM
	PHYS, V93, P1299 ; BARTLETT P, 2002, J PHYS CONDENS MATTE, V14 ;
	BENGTZELIUS U, 1984, J PHYS C SOLID STATE, V17, P5915 ; BERGENHOLTZ
	J, UNPUB ; BERRY CG, 1966, J CHEM PHYS, V44, P1550 ; BOLHUIS PG,
	2002, CONDMAT0206061 ; BRUCE AD, 2000, PHYS REV E, V61, P906 ; CAHN
	JW, 1969, J AM CERAM SOC, V52, P118 ; CAMPBELL AI, 2002, UNPUB J
	COLLOID INTE ; CASTELLO BAD, 1992, LANGMUIR, V8, P464 ; DAWSON K,
	2001, PHYS REV E 1, V63 ; DEHOOG EHA, 1999, J PHYS CHEM B, V103,
	P10657 ; DEHOOG EHA, 1999, J PHYS CHEM B, V103, P5274 ; DEHOOG EHA,
	2001, PHYS REV E 1, V64 ; DIJKSTRA M, 1999, J PHYS-CONDENS MAT, V11,
	P10079 ; DINSMORE AD, 2002, J PHYS CONDENS MATTE, V14 ; ELDRIDGE
	MD, 1995, MOL PHYS, V84, P395 ; ELLIS TM, 2001, INT IMMUNOL, V13,
	P553 ; EVANS RML, 1997, EUROPHYS LETT, V38, P595 ; EVANS RML, 1997,
	PHYS REV E B, V56, P5738 ; EVANS RML, 1997, PHYS REV E B, V56, P5748
	; EVANS RML, 1998, PHYS REV LETT, V81, P1326 ; EVANS RML, 2001, J
	CHEM PHYS, V114, P1915 ; EVANS RML, 2001, PHYS REV E 1, V64 ; EVANS
	RML, 2002, J PHYS-CONDENS MAT, V14, P2507 ; FAIRHURST DJ, UNPUB ;
	FAIRHURST DJ, 1999, THESIS U EDINBURGH ; FERRER ML, 1998, J CHEM
	PHYS, V109, P8010 ; FRENKEL D, 1984, J CHEM PHYS, V81, P3188 ; FUCHS
	M, 2002, J PHYS-CONDENS MAT, V14, R239 ; GALLOWAY LA, UNPUB ; GASSER
	U, 2001, SCIENCE, V292, P258 ; GAST AP, 1986, J COLLOID INTERF SCI,
	V109, P161 ; GOLZ PM, 1999, THESIS U EDINBURGH ; HAGEN MHJ, 1994,
	J CHEM PHYS, V101, P4093 ; HARLAND JL, 1997, PHYS REV E B, V55, P3054
	; HAW MD, 1994, PHYSICA A, V208, P8 ; HAW MD, 1995, ADV COLLOID INTERFAC,
	V62, P1 ; HAW MD, 1995, PHYSICA A, V217, P231 ; HAW MD, 2002, J PHYS
	CONDENS MATTE, V14 ; HAW MD, 2002, LANGMUIR, V18, P1626 ; HOBBIE
	EK, 1999, LANGMUIR, V15, P8807 ; ILETT SM, 1995, PHYS REV E, V51,
	P1344 ; JUSUFI A, 1999, MACROMOLECULES, V32, P4470 ; KROY K, UNPUB
	; LEALCALDERON F, 1993, EUROPHYS LETT, V23, P653 ; LEKKERKERKER HNW,
	1992, EUROPHYS LETT, V20, P559 ; LETTINGA MP, 2000, LANGMUIR, V16,
	P6156 ; LINDEMANN FA, 1910, PHYS Z, V11, P609 ; LOUIS AA, 1999, EUROPHYS
	LETT, V46, P741 ; MARTELOZZO V, 2001, THESIS U EDINBURGH ; MARTELOZZO
	V, 2002, UNPUB ; MEEKER SP, 1998, THESIS U EDINBURGH ; MEIJER EJ,
	1994, J CHEM PHYS, V100, P6873 ; MOUSSAID A, 1999, PHYS REV LETT,
	V82, P225 ; NORO MG, 1999, EUROPHYS LETT, V48, P332 ; OSTWALD W,
	1897, Z PHYS CHEM, V22, P286 ; PETEKIDIS G, 2002, LANGMUIR, V18,
	P4248 ; PHAM KN, 2002, SCIENCE, V296, P104 ; PIAZZA R, 1994, EUROPHYS
	LETT, V28, P445 ; PIAZZA R, 2002, J PHYS CONDENS MATTE, V14 ; PIRIE
	AD, 1995, THESIS U EDINBURGH ; POON WCK, SOFT FRAGILE MATTER, CH1
	; POON WCK, 1993, J PHYS II, V3, P1075 ; POON WCK, 1995, FARADAY
	DISCUSS, V101, P65 ; POON WCK, 1997, ADV COLLOID INTERFAC, V73, P71
	; POON WCK, 1997, PHYS REV E B, V55, P3762 ; POON WCK, 1998, CURR
	OPIN COLLOID IN, V3, P593 ; POON WCK, 1999, FARADAY DISCUSS, V112,
	P143 ; POON WCK, 2000, J PHYS-CONDENS MAT, V12, A269 ; POON WCK,
	2001, PHILOS T ROY SOC A, V359, P897 ; PUSEY PN, 1986, NATURE, V320,
	P340 ; PUSEY PN, 1987, J PHYS-PARIS, V48, P709 ; PUSEY PN, 1987,
	PHYS REV LETT, V59, P2083 ; PUSEY PN, 1989, PHYS REV LETT, V63, P2753
	; PUSEY PN, 1991, LIQUIDS FREEZING GLA, CH10 ; RAMAKRISHNAN S, 2002,
	J CHEM PHYS, V116, P2201 ; RENTH F, 2001, PHYS REV E 1, V64 ; RICHERT
	R, 2002, J PHYS-CONDENS MAT, V14, R703 ; RUDHART D, PHYS REV LETT,
	V81, P1330 ; SEAR RP, 1997, PHYS REV E, V55, P1677 ; SEGRE PN, 1995,
	J MOD OPTIC, V42, P1929 ; SEGRE PN, 2001, PHYS REV LETT, V86, P6042
	; SMITH PA, UNPUB ; SOLLICH P, 2002, J PHYS-CONDENS MAT, V14, R79
	; SPERRY PR, 1984, J COLLOID INTERF SCI, V99, P97 ; STARRS L, 2002,
	J PHYS-CONDENS MAT, V14, P2485 ; STARRS L, 2003, IN PRESS FARADAY
	DIS, V123 ; TENWOLDE PR, 1997, SCIENCE, V277, P1975 ; UNDERWOOD SM,
	1994, LANGMUIR, V10, P3550 ; VANMEGEN W, 1991, J CHEM SOC FARADAY
	T, V87, P395 ; VANMEGEN W, 1993, PHYS REV E, V47, P248 ; VONFERBER
	C, 2001, J MOL LIQ, V93, P151 ; VRIJ A, 1976, PURE APPL CHEM, V48,
	P471 ; WARREN PB, 1995, PHYS REV E B, V52, P5205 ; WARREN PB, 1997,
	LANGMUIR, V13, P4588 ; WEEKS ER, 2000, SCIENCE, V287, P627 ; WIDOM
	B, 1967, SCIENCE, V157, P375 ; WU DT, 1997, SOLID STATE PHYS, V50,
	P37 ; XU H, 2000, PHYS REV E, V61, P3249},
  keywords = {CLUSTER AGGREGATION SIMULATION; DYNAMIC-LIGHT-SCATTERING; HARD SPHERICAL
	COLLOIDS; FREE-ENERGY LANDSCAPES; MONTE-CARLO METHOD; PHASE-BEHAVIOR;
	GLASS-TRANSITION; SUPERCOOLED LIQUIDS; COMPUTER-SIMULATION; DIFFUSIVE
	EVOLUTION},
  owner = {royall},
  timestamp = {2009.01.08}
}

@ARTICLE{royall2011c60,
  author = {Royall, C. P. and Williams, S. R.},
  title = {C60: the first one-component gel?},
  journal = {J. Phys. Chem. B},
  year = {2011},
  volume = {115},
  pages = {7288-7293},
  owner = {paddyroyall},
  timestamp = {2011.04.05}
}

@ARTICLE{royall2008g,
  author = {Royall, C. P. and Williams, S. R. and Ohtsuka, T. and Tanaka, H.},
  title = {Direct observation of a local structural mechanism for dynamic arrest},
  journal = {Nature Mater.},
  year = {2008},
  volume = {7},
  pages = {556-561},
  owner = {royall},
  timestamp = {2008.12.16}
}

@ARTICLE{russo2012microscopic,
  author = {Russo, John and Tanaka, Hajime},
  title = {The microscopic pathway to crystallization in supercooled liquids},
  journal = {Scientific reports},
  year = {2012},
  volume = {2},
  publisher = {Nature Publishing Group}
}

@ARTICLE{sabin2012,
  author = {Sabin, J. and Bailey, A. E. and Espinosa, G. and Frisken, B. J.},
  title = {Crystal-Arrested Phase Separation},
  journal = {Phys. Rev. Lett.},
  year = {2012},
  volume = {109},
  pages = {195701},
  owner = {christopherroyall},
  timestamp = {2014.08.03}
}

@ARTICLE{tanaka2000viscoelastic,
  author = {Tanaka, H.},
  title = {Viscoelastic phase separation},
  journal = {J. Phys.: Condens. Matter},
  year = {2000},
  volume = {12},
  pages = {R207},
  owner = {Hajime},
  publisher = {IOP Publishing},
  timestamp = {2012.03.07}
}

@ARTICLE{tanaka1999colloid,
  author = {Tanaka, H.},
  title = {Viscoelastic model of phase separation in colloidal suspensions and
	emulsions},
  journal = {Phys. Rev. E},
  year = {1999},
  volume = {59},
  pages = {6842},
  number = {6},
  owner = {Hajime},
  publisher = {APS},
  timestamp = {2012.03.02}
}

@ARTICLE{tanaka2007spontaneous,
  author = {Tanaka, Hajime and Araki, Takeaki},
  title = {Spontaneous coarsening of a colloidal network driven by self-generated
	mechanical stress},
  journal = {EPL (Europhysics Letters)},
  year = {2007},
  volume = {79},
  pages = {58003},
  number = {5},
  publisher = {IOP Publishing}
}

@ARTICLE{tanaka2000,
  author = {Tanaka, H. and Araki, T.},
  title = {Simulation method of colloidal suspensions with hydrodynamic interactions:
	Fluid particle dynamics},
  journal = {Phys. Rev. Lett.},
  year = {2000},
  volume = {85},
  pages = {1338--1341},
  number = {6},
  owner = {Hajime},
  publisher = {APS},
  timestamp = {2014.08.20}
}

@ARTICLE{tanaka1985new,
  author = {Tanaka, Hajime and Nishi, Toshio},
  title = {New types of phase separation behavior during the crystallization
	process in polymer blends with phase diagram},
  journal = {Phys. Rev. Lett.},
  year = {1985},
  volume = {55},
  pages = {1102-1105},
  number = {10},
  publisher = {APS}
}

@ARTICLE{testard2011,
  author = {Testard, V. and Berthier, L. and Kob, W.},
  title = {Influence of the glass transition on the liquid-gas spinodal decomposition},
  journal = {Phys. Rev. Lett.},
  year = {2011},
  owner = {paddyroyall},
  timestamp = {2011.08.04}
}

@ARTICLE{verhaegh1997,
  author = {Verhaegh, N. A. M. and Asnaghi, D. and Lekkerkerker, H. N. W. and
	Giglio, M. and Cipelletti, L.},
  title = {Transient gelation by spinodal decomposition in colloid-polymer mixtures},
  journal = {Physica A},
  year = {1997},
  volume = {242},
  pages = {104-118},
  owner = {paddy},
  timestamp = {2010.09.08}
}

@ARTICLE{witten1981diffusion,
  author = {Witten Jr, T. A.  and Sander, Leonard M.},
  title = {Diffusion-limited aggregation, a kinetic critical phenomenon},
  journal = {Phys. Rev. Lett.},
  year = {1981},
  volume = {47},
  pages = {1400-1403},
  number = {19},
  publisher = {APS}
}

@ARTICLE{zaccarelli2007,
  author = {Zaccarelli, E.},
  title = {Colloidal Gels: Equilibrium and non-equilibrium routes},
  journal = {J. Phys.: Condens. Matter},
  year = {2007},
  volume = {19},
  pages = {323101},
  owner = {royall},
  timestamp = {2008.12.16}
}

@ARTICLE{zaccarelli2008gelation,
  author = {Zaccarelli, Emanuela and Lu, Peter J and Ciulla, Fabio and Weitz,
	David A and Sciortino, Francesco},
  title = {Gelation as arrested phase separation in short-ranged attractive
	colloid--polymer mixtures},
  journal = {Journal of Physics: Condensed Matter},
  year = {2008},
  volume = {20},
  pages = {494242},
  number = {49},
  publisher = {IOP Publishing}
}

@article{glickman2000glossary,
  title={Glossary of meteorology},
  author={Glickman, Todd S and Zenk, Walter},
  year={2000},
  publisher={American Meteorological Society}
}

@article{perez2011pathways,
  title={Pathways of Cluster Growth and Kinetic Slowing Down in a Model of Short-Range Attractive Colloids},
  author={P{\'e}rez, Toni and Liu, Ya and Li, Wei and Gunton, JD and Chakrabarti, A},
  journal={Langmuir},
  volume={27},
  number={18},
  pages={11401--11408},
  year={2011},
  publisher={ACS Publications}
}

@article{testard2011influence,
  title={Influence of the glass transition on the liquid-gas spinodal decomposition},
  author={Testard, Vincent and Berthier, Ludovic and Kob, Walter},
  journal={Physical review letters},
  volume={106},
  number={12},
  pages={125702},
  year={2011},
  publisher={APS}
}

@article{anderson2002insights,
  title={Insights into phase transition kinetics from colloid science},
  author={Anderson, Valerie J and Lekkerkerker, Henk N. W.},
  journal={Nature},
  volume={416},
  number={6883},
  pages={811--815},
  year={2002},
  publisher={Nature Publishing Group}
}

@book{lekkerkerker2011colloids,
  title={Colloids and the depletion interaction},
  author={Lekkerkerker, Henk N. W. and Tuinier, R.},
  volume={833},
  year={2011},
  publisher={Springer Science \& Business Media}
}

@article{verhaegh1997transient,
  title={Transient gelation by spinodal decomposition in colloid-polymer mixtures},
  author={Verhaegh, Nynke A. M. and Asnaghi, Daniela and Lekkerkerker, Henk N. W. and Giglio, M. and Cipelletti, L.},
  journal={Physica A: Statistical Mechanics and its Applications},
  volume={242},
  number={1},
  pages={104--118},
  year={1997},
  publisher={Elsevier}
}

@article{pusey1993dynamics,
  title={Dynamics of colloid-polymer mixtures},
  author={Pusey, PN and Pirie, AD and Poon, WCK},
  journal={Physica A: Statistical Mechanics and its Applications},
  volume={201},
  number={1},
  pages={322--331},
  year={1993},
  publisher={Elsevier}
}

@article{ilett1995phase,
  title={Phase behavior of a model colloid-polymer mixture},
  author={Ilett, Steve M and Orrock, Alison and Poon, WCK and Pusey, PN},
  journal={Physical Review E},
  volume={51},
  number={2},
  pages={1344},
  year={1995},
  publisher={APS}
}

@article{carpineti1992spinodal,
  title={Spinodal-type dynamics in fractal aggregation of colloidal clusters},
  author={Carpineti, Marina and Giglio, Marzio},
  journal={Phys. Rev. Lett.},
  volume={68},
  number={22},
  pages={3327},
  year={1992},
  publisher={APS}
}

@article{olmsted1998spinodal,
  title={Spinodal-assisted crystallization in polymer melts},
  author={Olmsted, Peter D and Poon, Wilson CK and McLeish, TCB and Terrill, NJ and Ryan, AJ},
  journal={Physical Review Letters},
  volume={81},
  number={2},
  pages={373},
  year={1998},
  publisher={APS}
}

@article{ten1997enhancement,
  title={Enhancement of protein crystal nucleation by critical density fluctuations},
  author={ten Wolde, Pieter Rein and Frenkel, Daan},
  journal={Science},
  volume={277},
  number={5334},
  pages={1975--1978},
  year={1997},
  publisher={American Association for the Advancement of Science}
}

